@article{lstm,
author = {Hochreiter, Sepp and Schmidhuber, J{\"{u}}rgen},
year = {1997},
month = {12},
pages = {1735-80},
title = {Long Short-term Memory},
volume = {9},
booktitle = {Neural computation}
}

@book{Goodfellow-et-al-2016,
    title={Deep Learning},
    author={Ian Goodfellow and Yoshua Bengio and Aaron Courville},
    publisher={MIT Press},
    note={\url{http://www.deeplearningbook.org}},
    year={2016}
}

@article{DBLP:journals/corr/GreffSKSS15,
  author    = {Klaus Greff and
               Rupesh Kumar Srivastava and
               Jan Koutn{\'{\i}}k and
               Bas R. Steunebrink and
               J{\"{u}}rgen Schmidhuber},
  title     = {{LSTM:} {A} Search Space Odyssey},
  journal   = {CoRR},
  volume    = {abs/1503.04069},
  year      = {2015},
  url       = {http://arxiv.org/abs/1503.04069},
  archivePrefix = {arXiv},
  eprint    = {1503.04069},
  timestamp = {Wed, 07 Jun 2017 14:42:57 +0200},
  biburl    = {http://dblp.org/rec/bib/journals/corr/GreffSKSS15},
  bibsource = {dblp computer science bibliography, http://dblp.org}
}

@article{Gers:2003:LPT:944919.944925,
 author = {Gers, Felix A. and Schraudolph, Nicol N. and Schmidhuber, J\"{u}rgen},
 title = {Learning Precise Timing with Lstm Recurrent Networks},
 journal = {J. Mach. Learn. Res.},
 issue_date = {3/1/2003},
 volume = {3},
 month = mar,
 year = {2003},
 issn = {1532-4435},
 pages = {115--143},
 numpages = {29},
 url = {https://doi.org/10.1162/153244303768966139},
 doi = {10.1162/153244303768966139},
 acmid = {944925},
 publisher = {JMLR.org},
 keywords = {long short-term memory, recurrent neural networks, timing},
} 

@inproceedings{HutHooLey14, 
lauthor = {Frank Hutter and Holger Hoos and Kevin Leyton-Brown}, 
author = {F. Hutter and H. Hoos and K. Leyton-Brown}, 
title = {An Efficient Approach for Assessing Hyperparameter Importance}, 
booktitle = {Proceedings of International Conference on Machine Learning 2014 (ICML 2014)}, year = {2014}, 
pages = {754–762}, 
month = jun, 
}

@article{BiLSTM,
author = {Graves, Alex and Schmidhuber, Jürgen},
year = {2005},
month = {07},
pages = {602-10},
title = {Framewise phoneme classification with bidirectional LSTM and other neural network architectures},
volume = {18},
booktitle = {Neural networks : the official journal of the International Neural Network Society}
}

@article{DBLP:journals/corr/ChoMGBSB14,
  author    = {Kyunghyun Cho and
               Bart van Merrienboer and
               {\c{C}}aglar G{\"{u}}l{\c{c}}ehre and
               Fethi Bougares and
               Holger Schwenk and
               Yoshua Bengio},
  title     = {Learning Phrase Representations using {RNN} Encoder-Decoder for Statistical
               Machine Translation},
  journal   = {CoRR},
  volume    = {abs/1406.1078},
  year      = {2014},
  url       = {http://arxiv.org/abs/1406.1078},
  archivePrefix = {arXiv},
  eprint    = {1406.1078},
  timestamp = {Wed, 07 Jun 2017 14:43:08 +0200},
  biburl    = {http://dblp.org/rec/bib/journals/corr/ChoMGBSB14},
  bibsource = {dblp computer science bibliography, http://dblp.org}
}
